@misc{hayat2021multilabel,
      title={Multi-Label Generalized Zero Shot Learning for the Classification of Disease in Chest Radiographs}, 
      author={Nasir Hayat and Hazem Lashen and Farah E. Shamout},
      year={2021},
      eprint={2107.06563},
      archivePrefix={arXiv},
      primaryClass={cs.CV}
}
